@article{zhou2006gradient,
  title={Gradient methods with adaptive step-sizes},
  author={Zhou, Bin and Gao, Li and Dai, Yu-Hong},
  journal={Computational Optimization and Applications},
  volume={35},
  number={1},
  pages={69--86},
  year={2006},
  publisher={Springer}
}

@book{杨庆之2015最优化方法,
	title={最优化方法},
	author={杨庆之},
	publisher={最优化方法},
	year={2015},
}
@book{刘浩洋2021最优化,
	title={最优化：建模、算法与理论},
	author={刘浩洋},
	publisher={高教出版社},
	year={2021},
}
@article{cauchy1847methode,
	title={M{\'e}thode g{\'e}n{\'e}rale pour la r{\'e}solution des systemes d’{\'e}quations simultan{\'e}es},
	author={Cauchy, Augustin and others},
	journal={Comp. Rend. Sci. Paris},
	volume={25},
	number={1847},
	pages={536--538},
	year={1847}
}
@article{akaike1959successive,
	title={On a successive transformation of probability distribution and its application to the analysis of the optimum gradient method},
	author={Akaike, Hirotugu},
	journal={Annals of the Institute of Statistical Mathematics},
	volume={11},
	number={1},
	pages={1--16},
	year={1959},
	publisher={Springer}
}
@article{forsythe1968asymptotic,
	title={On the asymptotic directions of the s-dimensional optimum gradient method},
	author={Forsythe, George E},
	journal={Numerische Mathematik},
	volume={11},
	number={1},
	pages={57--76},
	year={1968},
	publisher={Springer}
}
@article{de2013spectral,
	title={On spectral properties of steepest descent methods},
	author={De Asmundis, Roberta and di Serafino, Daniela and Riccio, Filippo and Toraldo, Gerardo},
	journal={IMA Journal of Numerical Analysis},
	volume={33},
	number={4},
	pages={1416--1435},
	year={2013},
	publisher={Oxford University Press}
}
@article{nocedal2002behavior,
	title={On the behavior of the gradient norm in the steepest descent method},
	author={Nocedal, Jorge and Sartenaer, Annick and Zhu, Ciyou},
	journal={Computational Optimization and Applications},
	volume={22},
	number={1},
	pages={5--35},
	year={2002},
	publisher={Springer}
}
@article{barzilai1988two,
	title={Two-point step size gradient methods},
	author={Barzilai, Jonathan and Borwein, Jonathan M},
	journal={IMA journal of numerical analysis},
	volume={8},
	number={1},
	pages={141--148},
	year={1988},
	publisher={Oxford University Press}
}
@incollection{chamberlain1982watchdog,
	title={The watchdog technique for forcing convergence in algorithms for constrained optimization},
	author={Chamberlain, RM and Powell, MJD and Lemarechal, C and Pedersen, HC},
	booktitle={Algorithms for Constrained Minimization of Smooth Nonlinear Functions},
	pages={1--17},
	year={1982},
	publisher={Springer}
}
@article{grippo1986nonmonotone,
	title={A nonmonotone line search technique for Newton’s method},
	author={Grippo, Luigi and Lampariello, Francesco and Lucidi, Stephano},
	journal={SIAM journal on Numerical Analysis},
	volume={23},
	number={4},
	pages={707--716},
	year={1986},
	publisher={SIAM}
}
@article{raydan1993barzilai,
	title={On the Barzilai and Borwein choice of steplength for the gradient method},
	author={Raydan, Marcos},
	journal={IMA Journal of Numerical Analysis},
	volume={13},
	number={3},
	pages={321--326},
	year={1993},
	publisher={Oxford University Press}
}
@article{dai2002r,
	title={R-linear convergence of the Barzilai and Borwein gradient method},
	author={Dai, Yu-Hong and Liao, Li-Zhi},
	journal={IMA Journal of Numerical Analysis},
	volume={22},
	number={1},
	pages={1--10},
	year={2002},
	publisher={Oxford University Press}
}
@article{dai2013new,
	title={A new analysis on the Barzilai-Borwein gradient method},
	author={Dai, Yu-Hong},
	journal={Journal of the operations Research Society of China},
	volume={1},
	number={2},
	pages={187--198},
	year={2013},
	publisher={Springer}
}
@article{dai2005asymptotic,
	title={On the asymptotic behaviour of some new gradient methods},
	author={Dai, Yu-Hong and Fletcher, Roger},
	journal={Mathematical Programming},
	volume={103},
	number={3},
	pages={541--559},
	year={2005},
	publisher={Springer}
}
@article{grippo1991class,
	title={A class of nonmonotone stabilization methods in unconstrained optimization},
	author={Grippo, L and Lampariello, F and Lucidi, S},
	journal={Numerische Mathematik},
	volume={59},
	number={1},
	pages={779--805},
	year={1991},
	publisher={Springer}
}
@article{raydan1997barzilai,
	title={The Barzilai and Borwein gradient method for the large scale unconstrained minimization problem},
	author={Raydan, Marcos},
	journal={SIAM Journal on Optimization},
	volume={7},
	number={1},
	pages={26--33},
	year={1997},
	publisher={SIAM}
}
@article{gilbert1992global,
	title={Global convergence properties of conjugate gradient methods for optimization},
	author={Gilbert, Jean Charles and Nocedal, Jorge},
	journal={SIAM Journal on optimization},
	volume={2},
	number={1},
	pages={21--42},
	year={1992},
	publisher={SIAM}
}
@phdthesis{郑燏涛2018barzilai,
	title={Barzilai-Borwein 梯度法及其在优化算法中的应用},
	author={郑燏涛},
	year={2018},
	school={兰州大学}
}
@article{zhang2004nonmonotone,
	title={A nonmonotone line search technique and its application to unconstrained optimization},
	author={Zhang, Hongchao and Hager, William W},
	journal={SIAM journal on Optimization},
	volume={14},
	number={4},
	pages={1043--1056},
	year={2004},
	publisher={SIAM}
}